===== 哲学基础 ======
@article{huggins2022,
  title = {Hotspots for Social and Ecological Impacts from Freshwater Stress and Storage Loss},
  author = {Huggins, Xander and Gleeson, Tom and Kummu, Matti and Zipper, Samuel C. and Wada, Yoshihide and Troy, Tara J. and Famiglietti, James S.},
  year = {2022},
  month = dec,
  journal = {Nature Communications},
  volume = {13},
  number = {1},
  pages = {439},
  issn = {2041-1723},
  doi = {10.1038/s41467-022-28029-w},
  abstract = {Abstract                            Humans and ecosystems are deeply connected to, and through, the hydrological cycle. However, impacts of hydrological change on social and ecological systems are infrequently evaluated together at the global scale. Here, we focus on the potential for social and ecological impacts from freshwater stress and storage loss. We find basins with existing freshwater stress are drying (losing storage) disproportionately, exacerbating the challenges facing the water stressed versus non-stressed basins of the world. We map the global gradient in social-ecological vulnerability to freshwater stress and storage loss and identify hotspot basins for prioritization (               n               \,=\,168). These most-vulnerable basins encompass over 1.5 billion people, 17\% of global food crop production, 13\% of global gross domestic product, and hundreds of significant wetlands. There are thus substantial social and ecological benefits to reducing vulnerability in hotspot basins, which can be achieved through hydro-diplomacy, social adaptive capacity building, and integrated water resources management practices.},
  langid = {english},
  keywords = {📚推荐,🤔精读,WAInstitution_YRB_2021,刘焱序},
  annotation = {SC: None[s1]},
  file = {/Users/songshgeo/Zotero/storage/7MDAN6LS/Huggins 等。 - 2022 - Hotspots for social and ecological impacts from fr.pdf;/Users/songshgeo/Zotero/storage/PRWJEN4H/41467_2022_28029_MOESM1_ESM.pdf}
}

@article{zhang2022c,
  title = {{行为地理学的方法论与微观人地关系研究范式}},
  author = {张, 文佳 and 鲁, 大铭},
  year = {2022},
  journal = {地理科学进展},
  volume = {41},
  number = {01},
  pages = {27--39},
  issn = {1007-6301},
  abstract = {自20世纪60年代行为主义革命以来,人文地理学研究开启了微观个体视角的探索,逐渐形成了具备典型微观人地关系研究范式的行为地理学研究。然而,当前研究对微观人地关系的探索仍然存在不足,理论上呈现宏观和微观尺度割裂的态势,已经成为限制微观人地关系理论发展和指导实践的主要障碍。因此,论文在总结当今行为地理学方法论进展的基础上,从本体论和认识论的角度梳理了区域主义、实证主义、行为主义、人本主义和结构主义等不同理论思潮下人地关系研究范式的基本特征,通过对比宏观和微观人地关系研究范式的差异,认为行为地理学研究范式具有探索微观人地关系的理论与方法论基础,可通过建立与其他研究范式的接口,立足人地关系研究微观化的...},
  langid = {chinese},
  keywords = {⛔ No DOI found,to-read},
  file = {/Users/songshgeo/Zotero/storage/P7845PAY/张_鲁_2022_行为地理学的方法论与微观人地关系研究范式.pdf}
}

@article{fan2018,
  title = {{``人地关系地域系统''是综合研究地理格局形成与演变规律的理论基石}},
  author = {樊, 杰},
  year = {2018},
  journal = {地理学报},
  volume = {73},
  number = {04},
  pages = {597--607},
  issn = {0375-5444},
  abstract = {同近年国外人文地理学呈现人文化趋势相比,中国人文与经济地理学秉承吴传钧先生关于人文与经济地理学是研究自然圈与人文圈相互作用下、人类活动分布格局形成和演变规律的一门交叉学科的定位,形成了以不同空间尺度的地域、重要的生产生活领域、以及典型的地域空间类型的可持续发展时空规律作为研究指向的中国人文与经济地理学主流学派。吴先生提出的"人地关系地域系统"理论不仅为人文与经济地理学,而且是为整个地理学的综合研究提供了重要的理论基石。地域功能性、系统结构化、时空变异有序过程、以及人地系统效应的差异性及可调控性,是该理论的精髓,这与"未来地球"研究计划的前沿思想完全契合。近10年来,以城镇化科学模式、主体功能区...},
  langid = {chinese},
  keywords = {⛔ No DOI found,to-read}
}

@article{wu1991,
  title = {{论地理学的研究核心\textemdash\textemdash 人地关系地域系统}},
  author = {吴, 传钧},
  year = {1991},
  journal = {经济地理},
  number = {3},
  pages = {1--6},
  issn = {1000-8462},
  abstract = {{$<$}正{$>$}地理学着重研究地球表层人与自然的相互影响与反馈作用,对人地关系的认识,素来是地理学的研究核心,也是地理学理论研究的一项长期任务,始终贯彻在地理学的各个发展阶段。从十九世纪末叶兴起的近代地理学发展到二次世界大战后的现代地理学,虽然其中心研究课题随着时代的进展而有所转化,但地理学的基础理论研究万变不离人类和地理环境的相互关系这一宗旨。},
  langid = {chinese},
  keywords = {⛔ No DOI found},
  annotation = {1417 citations(CNKI)[2023-2-6]},
  file = {/Users/songshgeo/Zotero/storage/TBL7RFI6/吴_1991_论地理学的研究核心——人地关系地域系统.pdf}
}

@article{li2016d,
  title = {{中国人地关系演进及其资源环境基础研究进展}},
  author = {李, 小云 and 杨, 宇 and 刘, 毅},
  year = {2016},
  journal = {地理学报},
  volume = {71},
  number = {12},
  pages = {2067--2088},
  issn = {0375-5444},
  abstract = {人地关系研究始终贯彻在地理学发展的各个阶段,是地理学研究的核心。本文在大量的文献梳理基础上,对中国人地关系的内涵特征、研究概况和主要研究内容进行了系统综述。1阐述了中国人地关系在不同社会发展阶段的内涵及演进规律,发现人地关系作为地理学研究核心的地位不断强化,其内涵随时代不断演变,尤其是可持续发展等理念的提出极大地丰富了人地关系的内涵及理论体系。2运用文献计量方法概述中国人地关系的基本研究状况,对1980年以来人地关系研究的经费来源、主要研究团队和主要传播期刊等进行了定量识别,研究经费以国家级基金支持为主,并呈现多元化趋势;研究的优势团队主要集中在中国科学院地理科学与资源研究所及师范类院校;中国地理学会主办的期刊对人地关系研究传播具有重要影响力。3资源环境是人地关系的基本载体,本文进一步聚焦到人地关系的资源环境基础研究,发现中国资源环境基础研究经历了从单要素视角逐步向多要素综合视角演变的历程,研究主题从土地资源、水资源、能源矿产资源等单一要素逐步向资源环境综合要素转变。服务于国家和区域发展战略的实证研究是中国人地关系研究的特色,未来要更加注重以发展、动态的思路关注"人"、"地"特征的变化以及新因素对人地关系的影响研究,尤其要注重资源环境绝对区位的时空变化对人地相互作用的模式影响研究,加强学科交叉以及综合集成技术的系统性研究,以推进人地关系理论与实践应用的发展。},
  langid = {chinese},
  annotation = {151 citations(CNKI)[2023-2-6]{$<$}北大核心, EI, CSCD{$>$}},
  file = {/Users/songshgeo/Zotero/storage/RK4PJU2S/李 et al_2016_中国人地关系演进及其资源环境基础研究进展.pdf}
}
@article{fang2004,
  title = {{中国人地关系研究的新进展与展望}},
  author = {方, 创琳},
  year = {2004},
  journal = {地理学报},
  number = {S1},
  pages = {21--32},
  issn = {0375-5444},
  abstract = {作者系统总结了1990年以来中国人地关系研究在理论、方法、实践应用等方面取得的进展,指出并反思了人地关系研究中亟待解决的一系列问题,提出并展望了未来中国人地关系研究的重要方向。研究认为,中国科学家始终把人地关系地域系统视为地理学研究的永恒主题与核心,以全新视角研究人地关系,深入分析人地系统的基本特征,科学划分人地系统的学科分支,尝试揭示人地关系演进趋势与基本规律;新型人地关系理论不断出现,正在逐步形成理论体系,具体可归结为人地系统协调共生与耦合优化理论、人地系统危机冲突与错位异化理论、人地关系分形辩证与系统构型理论共三大类理论研究流派;人地系统研究方法趋于多元化,定性研究方法、数学模拟方法、3S技术方法和综合集成方法等新方法与新手段不断应用;人地系统理论在实践中广泛应用于解决不同时空尺度的区域发展问题和不同领域的可持续发展问题。但中国人地关系研究尚且存在研究经费严重不足,理论研究深度不深,实践应用广度不够,研究机构缺少,研究队伍不稳等一系列亟待解决的问题。未来中国人地关系研究的重要方向包括树立科学发展观,进一步加强人地关系理论的深入研究,加强人地系统调控机理与过程、格局与节律的研究,加强人地系统的综合集成交叉与技术支持系统研究,加强人},
  langid = {chinese},
  keywords = {⛔ No DOI found},
  annotation = {302 citations(CNKI)[2023-2-6]{$<$}北大核心{$>$}},
  file = {/Users/songshgeo/Zotero/storage/HZ3VZ5BD/方_2004_中国人地关系研究的新进展与展望.pdf}
}

@article{wang2006,
  title = {{基于二元水循环模式的水资源评价理论方法}},
  author = {王, 浩 and 王, 建华 and 秦, 大庸 and 贾, 仰文},
  year = {2006},
  journal = {水利学报},
  number = {12},
  pages = {1496--1502},
  issn = {0559-9350},
  abstract = {国内外流域水资源评价方法是随着水资源稀缺性的逐渐增强而不断发展的。时至今日,传统的水资源评价方法在描述人类活动干扰和满足不同层次水资源规划要求方面面临严峻挑战。本文提出了水资源全口径层次化动态评价方法,即以降水为资源评价的全口径通量,遵照有效性、可控性和可再生性原则对降水的资源结构进行解析,实现广义水资源、狭义水资源、径流性水资源和国民经济可利用量的层次化评价。在手段上,构建了由分布式水循环模拟模型与集总式水资源调配模型耦合而成的二元水资源评价模型,并将下垫面变化和人工取用水作为模型变量以实现动态评价。},
  langid = {chinese},
  annotation = {SC: 0000104},
  file = {/Users/songshgeo/Zotero/storage/76RXHHTQ/王 et al_2006_.pdf}
}

@article{wang2016,
  title = {{变化中的流域``自然-社会''二元水循环理论与研究方法}},
  author = {王, 浩 and 贾, 仰文},
  year = {2016},
  journal = {水利学报},
  volume = {47},
  number = {10},
  pages = {1219--1226},
  issn = {0559-9350},
  abstract = {在人类活动和气候变化影响下,流域水循环发生了深刻变化。水多、水少、水脏、水浑等流域水问题背后的科学基础是"自然-社会"二元驱动力作用下的流域水循环及其伴生的水环境、水生态过程的演变机理,有效解决这些水问题需要一套流域"自然-社会"二元水循环理论来支撑。本文在简述二元水循环研究历程的基础上,从水循环的驱动力、结构、功能属性和演变效应等方面,对比分析了自然水循环和"自然-社会"二元水循环的不同特征,阐述了变化中的流域"自然-社会"二元水循环的基本原理,包括学科范式、科学问题、研究内容与研究方法等。文章还讨论了二元水循环研究面临的机遇与挑战,如水资源的数量-质量-效率统一度量与转化问题及解决方法等,...},
  langid = {chinese},
  annotation = {SC: 0000005},
  file = {/Users/songshgeo/Zotero/storage/W9Z8FZPJ/王_贾_2016_.pdf}
}


@book{bonnafous-boucher2016,
  title = {Stakeholder {{Theory}}: {{A Model}} for {{Strategic Management}}},
  shorttitle = {Stakeholder {{Theory}}},
  author = {{Bonnafous-Boucher}, Maria and Rendtorff, Jacob Dahl},
  year = {2016},
  series = {{{SpringerBriefs}} in {{Ethics}}},
  publisher = {{Springer International Publishing}},
  address = {{Cham}},
  doi = {10.1007/978-3-319-44356-0},
  isbn = {978-3-319-44355-3 978-3-319-44356-0},
  langid = {english},
  keywords = {🔍检索,obsidian,to-read},
  file = {/Users/songshgeo/Zotero/storage/JC9TT99B/Bonnafous-Boucher_Rendtorff_2016_Stakeholder Theory.pdf}
}

@article{tan2021,
  title = {{从本土到全球网络化的人地关系思维范式转型}},
  author = {谈, 明洪 and 李, 秀彬},
  year = {2021},
  journal = {地理学报},
  volume = {76},
  number = {10},
  pages = {2333--2342},
  issn = {0375-5444},
  abstract = {早期地理学关于人地关系的研究多基于本土思维,秉持"一方水土养育一方人"的理念。在严重依赖自然资源的传统农业社会,这一理念及其指导下的区域地理研究和区域管理实践,对于促进人与自然的协调发展起到积极作用。随着系统开放程度的增加,规模不等、层级不同的地域系统形成了一个相互依赖、相互耦合的地理网络。每个地域都是这个网络上的节点,地域问题的产生与解决与网络上其他节点有密切关联、与地域系统内外因素紧密相关,地域外因素有时甚至起主导作用。虚拟水、生态足迹、贸易隐含碳排放、资源纽带关系及人地关系远程耦合等概念和方法的提出,标志着人地关系研究范式从本土思维向全球网络化思维转型。依照新的理念和研究范式,传统的本土思维范式及建立在此范式上的相关研究主题(如区域承载力)应该受到重新审视。},
  langid = {chinese},
  annotation = {6 citations(CNKI)[2023-2-6]{$<$}北大核心, CSSCI, EI, CSCD, AMI{$>$}},
  file = {/Users/songshgeo/Zotero/storage/46A6MS5I/从本土到全球网络化的人地关系思维范式转型_谈明洪.pdf}
}
